% !Mode:: "TeX:UTF-8"

@inproceedings{redmon2016you,
  title={You only look once: Unified, real-time object detection},
  author={Redmon, Joseph and Divvala, Santosh and Girshick, Ross and Farhadi, Ali},
  booktitle={Proceedings of the IEEE conference on computer vision and pattern recognition},
  pages={779--788},
  year={2016}
}

@InProceedings{Girshick_2014_CVPR,
author = {Girshick, Ross and Donahue, Jeff and Darrell, Trevor and Malik, Jitendra},
title = {Rich Feature Hierarchies for Accurate Object Detection and Semantic Segmentation},
booktitle = {Proceedings of the IEEE Conference on Computer Vision and Pattern Recognition (CVPR)},
month = {June},
year = {2014}
}

@InProceedings{Girshick_2015_ICCV,
author = {Girshick, Ross},
title = {Fast R-CNN},
booktitle = {Proceedings of the IEEE International Conference on Computer Vision (ICCV)},
month = {December},
year = {2015}
}

@inproceedings{NIPS2015_14bfa6bb,
 author = {Ren, Shaoqing and He, Kaiming and Girshick, Ross and Sun, Jian},
 booktitle = {Advances in Neural Information Processing Systems},
 editor = {C. Cortes and N. Lawrence and D. Lee and M. Sugiyama and R. Garnett},
 pages = {},
 publisher = {Curran Associates, Inc.},
 title = {Faster R-CNN: Towards Real-Time Object Detection with Region Proposal Networks},
 url = {https://proceedings.neurips.cc/paper/2015/file/14bfa6bb14875e45bba028a21ed38046-Paper.pdf},
 volume = {28},
 year = {2015}
}


@article{gomes2008overview,
  title={An overview on target tracking using multiple model methods},
  author={Gomes, Joana Barbosa Bastos},
  journal={Instituto Superior Tecnico},
  year={2008}
}

@inproceedings{bewley2016simple,
  title={Simple online and realtime tracking},
  author={Bewley, Alex and Ge, Zongyuan and Ott, Lionel and Ramos, Fabio and Upcroft, Ben},
  booktitle={2016 IEEE international conference on image processing (ICIP)},
  pages={3464--3468},
  year={2016},
  organization={IEEE}
}

@inproceedings{wojke2017simple,
  title={Simple online and realtime tracking with a deep association metric},
  author={Wojke, Nicolai and Bewley, Alex and Paulus, Dietrich},
  booktitle={2017 IEEE international conference on image processing (ICIP)},
  pages={3645--3649},
  year={2017},
  organization={IEEE}
}

@article{welch1995introduction,
  title={An introduction to the Kalman filter},
  author={Welch, Greg and Bishop, Gary and others},
  year={1995},
  publisher={Chapel Hill, NC, USA}
}

@article{fujii2013extended,
  title={Extended kalman filter},
  author={Fujii, Keisuke},
  journal={Refernce Manual},
  pages={14--22},
  year={2013}
}

@article{liu2011unscented,
  title={Unscented extended Kalman filter for target tracking},
  author={Liu, Changyun and Shui, Penglang and Li, Song},
  journal={Journal of Systems Engineering and Electronics},
  volume={22},
  number={2},
  pages={188--192},
  year={2011},
  publisher={BIAI}
}

@article{chen2003bayesian,
  title={Bayesian filtering: From Kalman filters to particle filters, and beyond},
  author={Chen, Zhe and others},
  journal={Statistics},
  volume={182},
  number={1},
  pages={1--69},
  year={2003}
}

@article{gustafsson2002particle,
  title={Particle filters for positioning, navigation, and tracking},
  author={Gustafsson, Fredrik and Gunnarsson, Fredrik and Bergman, Niclas and Forssell, Urban and Jansson, Jonas and Karlsson, Rickard and Nordlund, P-J},
  journal={IEEE Transactions on signal processing},
  volume={50},
  number={2},
  pages={425--437},
  year={2002},
  publisher={IEEE}
}