% !Mode:: "TeX:UTF-8"

@article{pang2011efficient,
  title={Efficient HOG human detection},
  author={Pang, Yanwei and Yuan, Yuan and Li, Xuelong and Pan, Jing},
  journal={Signal processing},
  volume={91},
  number={4},
  pages={773--781},
  year={2011},
  publisher={Elsevier}
}

@article{ng2003sift,
  title={SIFT: Predicting amino acid changes that affect protein function},
  author={Ng, Pauline C and Henikoff, Steven},
  journal={Nucleic acids research},
  volume={31},
  number={13},
  pages={3812--3814},
  year={2003},
  publisher={Oxford University Press}
}

@article{hastie2009multi,
  title={Multi-class adaboost},
  author={Hastie, Trevor and Rosset, Saharon and Zhu, Ji and Zou, Hui},
  journal={Statistics and its Interface},
  volume={2},
  number={3},
  pages={349--360},
  year={2009},
  publisher={International Press of Boston}
}

@inproceedings{schuldt2004recognizing,
  title={Recognizing human actions: a local SVM approach},
  author={Schuldt, Christian and Laptev, Ivan and Caputo, Barbara},
  booktitle={Proceedings of the 17th International Conference on Pattern Recognition, 2004. ICPR 2004.},
  volume={3},
  pages={32--36},
  year={2004},
  organization={IEEE}
}

@article{biau2016random,
  title={A random forest guided tour},
  author={Biau, G{\'e}rard and Scornet, Erwan},
  journal={Test},
  volume={25},
  pages={197--227},
  year={2016},
  publisher={Springer}
}

@inproceedings{girshick2015fast,
  title={Fast r-cnn},
  author={Girshick, Ross},
  booktitle={Proceedings of the IEEE international conference on computer vision},
  pages={1440--1448},
  year={2015}
}

@article{jiang2022review,
  title={A Review of Yolo algorithm developments},
  author={Jiang, Peiyuan and Ergu, Daji and Liu, Fangyao and Cai, Ying and Ma, Bo},
  journal={Procedia Computer Science},
  volume={199},
  pages={1066--1073},
  year={2022},
  publisher={Elsevier}
}

@article{ribeiro2004kalman,
  title={Kalman and extended kalman filters: Concept, derivation and properties},
  author={Ribeiro, Maria Isabel},
  journal={Institute for Systems and Robotics},
  volume={43},
  number={46},
  pages={3736--3741},
  year={2004}
}

@inproceedings{wan2000unscented,
  title={The unscented Kalman filter for nonlinear estimation},
  author={Wan, Eric A and Van Der Merwe, Rudolph},
  booktitle={Proceedings of the IEEE 2000 Adaptive Systems for Signal Processing, Communications, and Control Symposium (Cat. No. 00EX373)},
  pages={153--158},
  year={2000},
  organization={Ieee}
}

@article{gustafsson2010particle,
  title={Particle filter theory and practice with positioning applications},
  author={Gustafsson, Fredrik},
  journal={IEEE Aerospace and Electronic Systems Magazine},
  volume={25},
  number={7},
  pages={53--82},
  year={2010},
  publisher={IEEE}
}

@article{xu2019deep,
  title={Deep learning for multiple object tracking: a survey},
  author={Xu, Yingkun and Zhou, Xiaolong and Chen, Shengyong and Li, Fenfen},
  journal={IET Computer Vision},
  volume={13},
  number={4},
  pages={355--368},
  year={2019},
  publisher={Wiley Online Library}
}

@inproceedings{wojke2017simple,
  title={Simple online and realtime tracking with a deep association metric},
  author={Wojke, Nicolai and Bewley, Alex and Paulus, Dietrich},
  booktitle={2017 IEEE international conference on image processing (ICIP)},
  pages={3645--3649},
  year={2017},
  organization={IEEE}
}

@article{xu2019unified,
  title={A unified neural network for object detection, multiple object tracking and vehicle re-identification},
  author={Xu, Yuhao and Wang, Jiakui},
  journal={arXiv preprint arXiv:1907.03465},
  year={2019}
}